@article{bauer1972plankalkuel,
  title={{The “Plankalkül” of Konrad Zuse: a forerunner of today's programming languages}},
  author={Bauer, FL and Wüssner, H.},
  journal={Communications of the ACM},
  volume={15},
  number={7},
  pages={678--685},
  year={1972},
  publisher={ACM New York, NY, USA}
}
@techreport{rojas2002plankalkuel,
  title={{Plankalkül: The First High-Level Programming Language and its Implementation/Freie Universitüt Berlin--Institut für Informatik und Feinarbeit. FB Mathematik und Informatik Takustr. 9 14195 Berlin, Februar 2000a (B-3/2000)}},
  author={Rojas, R. and Güktekin, C. and Friedland, G. and Krüger, M. and Ku-NISS, D. and Langmack, O.},
  year={2002},
  institution={Technical Report. http://www. zib. de/zuse/Inhalt/Programme/Plankalkuel/Plankalkuel-Report/techreport.pdf--geprüft: 11}
}
@misc{rojas2002konrad,
  title={{Konrad Zuses Plankalkül--Seine Genese und eine moderne Implementierung/Freie Universitüt Berlin--Institut für Informatik and Transformal/Feinarbeit. FB Mathematik und Informatik Takustr. 9 14195 Berlin, 2000b.--Forschungsbericht}},
  author={Rojas, R. and Güktekin, C. and Friedland, G. and Krüger, M. and Scharf, L. and Kuniss, D. and Langmack, O.},
  year={2002}
}
@techreport{giloi2002konrad,
  title={{Konrad Zuses Plankalkül als Vorlüufer moderner Programmiermodelle/ZIB--Konrad-Zuse-Zentrum für Informationstechnik Berlin. 1990 (TR 90-13)}},
  author={Giloi, W.K.},
  year={2002},
  institution={Technical Report. ftp://ftp. zib. de/pub/zib-publications/reports/TR-90-13.ps. Z--geprüft: 20}
}
@article{zuse1948allgemeinen,
  title={{{\\"U}ber den allgemeinen Plankalkül als Mittel zur Formulierung schematisch-kombinativer Aufgaben}},
  author={Zuse, Konrad},
  journal={Archiv der Mathematik},
  volume={1},
  number={6},
  pages={441--449},
  year={1948},
  publisher={Springer}
}
@article{epegmagHorstzuse,
  title={{The Life and Work of Konrad Zuse}},
  author={Zuse, Horst},
  journal={Everyday Practical Electronics Online},
  year={2009}
}

