@MISC{website:frozenbubble,
	AUTHOR = {Guillaume Cottenceau and
	  	 Alexis Younes and
		 Matthias Le Bidan and
		 Kim and David Joham and
		 Amaury Amblard-Ladurantie},
	TITLE = {{Frozen Bubble} - The Official Home},
	MONTH = {February},
	YEAR = 2009,
	HOWPUBLISHED = {\url{http://www.frozen-bubble.org}}
}
@MISC{website:squeakwikiObserver,
	AUTHOR = {Collaborative Wiki},
	TITLE = {Squeak and Events (Observer pattern)},
	MONTH = {February},
	YEAR = 2009,
	HOWPUBLISHED = {\url{http://wiki.squeak.org/squeak/1214}}
}
@book{book:kentstbestpractice,
 author = {Beck,, Kent},
 title = {Smalltalk: best practice patterns},
 year = {1997},
 isbn = {0-13-476904-X},
 publisher = {Prentice-Hall, Inc.},
 address = {Upper Saddle River, NJ, USA},
}
@book{book:squeakexample,
  Title        = {Squeak by Example},
  Author       = {Andrew Black and St\'ephane Ducasse and Oscar
                  Nierstrasz and Damien Pollet and Damien Cassou and
                  Marcus Denker},
  Note         = {http://SqueakByExample.org/},
  Publisher    = {Square Bracket Associates},
  Year         = {2007},
  aeres        = {OV},
  aeresstatus  = {aeres08},
  inria        = {ADAM},
  Abstract     = {Squeak by Example, intended for both students and
                  developers, will guide you gently through the Squeak
                  language and environment by means of a series of
                  examples and exercises. This book is made available
                  under the Creative Commons Attribution-ShareAlike
                  3.0 license.},
  ISBN         = {978-3-9523341-0-2},
  Url          = {http://SqueakByExample.org/index.html},
  Annote       = {book},
  Keywords     = {scg07 olit scg-pub jb08 snf-none skipdoi}
}
@book{book:smalltalkstyle,
 author = {Klimas,, Edward J. and Skublics,, Suzanne and Thomas,, David A.},
 title = {Smalltalk with style},
 year = {1996},
 isbn = {0-13-165549-3},
 publisher = {Prentice-Hall, Inc.},
 address = {Upper Saddle River, NJ, USA},
}
@book{book:gof,
	author = {Gamma, Erich   and Helm, Richard   and Johnson, Ralph   and Vlissides, John  },
	citeulike-article-id = {430671},
	keywords = {semwiki},
	posted-at = {2005-12-08 12:16:10},
	priority = {0},
	publisher = {Addison-Wesley Professional},
	title = {Design patterns: elements of reusable object-oriented software},
	year = {1995}
}

