@misc{acm_categories,
	title = {{How to Classify Works Using ACM's Computing Classification System}},
	note = {\small{\url{http://www.acm.org/class/how_to_use.html}}},
},
@book{
author = {Bill Buxton},
title = {Sketching User Experiences: Getting the Design Right and the Right Design},
publisher = {Morgan Kaufmann},
year = {2007},
isbn = {0123740371},
bibsource = {http://www.interaction-design.org/references/},
}
