@conference{chang2006bigtable,
  title={{Bigtable: A distributed storage system for structured data}},
  author={Chang, F. and Dean, J. and Ghemawat, S. and Hsieh, W.C. and Wallach, D.A. and Burrows, M. and Chandra, T. and Fikes, A. and Gruber, R.E.},
  booktitle={Proceedings of the 7th USENIX Symposium on Operating Systems Design and Implementation (OSDI’06)},
  year={2006}
}

@conference{decandia2007dynamo,
  title={{Dynamo: Amazon’s Highly Available Key-value Store}},
  author={DeCandia, G. and Hastorun, D. and Jampani, M. and Kakulapati, G. and
          Lakshman, A. and Pilchin, A. and Sivasubramanian, S. and Vosshall, P. 
          and Vogels, W.},
  booktitle={Proceedings of the 21st ACM Symposium on Operating Systems Principles},
  year={2007}
}

@article{maccárthaigh2005scaling,
  title={{Scaling Apache 2. x beyond 20,000 concurrent downloads}},
  author={MacC{\'a}rthaigh, C.},
  journal={ApacheCon EU},
  year={2005}
}
@article{butterworth1991gemstone,
  title={{The GemStone object database management system}},
  author={Butterworth, P. and Otis, A. and Stein, J.},
  journal={Communications of the ACM},
  volume={34},
  number={10},
  pages={64--77},
  year={1991},
  publisher={ACM}
}
@article{penney1987class,
  title={{Class modification in the GemStone object-oriented DBMS}},
  author={Penney, D.J. and Stein, J.},
  journal={ACM SIGPLAN Notices},
  volume={22},
  number={12},
  pages={117},
  year={1987},
  publisher={ACM}
}
@book{esoteric2008ruby,
  title={{Ruby で作る奇妙なプログラミング言語}},
  author={原悠},
  year={2008},
  publisher={毎日コミュニケーションズ}
}
@article{paikens-use,
  title={{Use of Design Patterns in PHP-Based Web Application Frameworks}},
  author={Paikens, A. and Arnicans, G.},
  journal={Datorzin{\=a}tne un inform{\=a}cijas tehnolo{\`g}ijas},
  pages={53}
}
@article{hedin1998product,
  title={{Product configuration using object oriented grammars}},
  author={Hedin, G. and Ohlsson, L. and McKenna, J.},
  journal={Lecture Notes in Computer Science},
  volume={1439},
  pages={107--126},
  year={1998},
  publisher={Springer}
}
@conference{apel2004using,
  title={{Using Mixins to Build a Flexible Lightweight Middleware for Ubiquitous Computing}},
  author={Apel, S. and B{\\"o}hm, K.},
  booktitle={Proceedings of the 4th IEEE Workshop on Software Engineering and Middleware (SEM’04) in conjunction with the 19th IEEE Conference on Automated Software Engineering (ASE’04), Linz, Austria},
  year={2004},
  organization={Citeseer}
}
@conference{apel2006aspectual,
  title={{Aspectual mixin layers: aspects and features in concert}},
  author={Apel, S. and Leich, T. and Saake, G.},
  booktitle={Proceedings of the 28th international conference on Software engineering},
  pages={131},
  year={2006},
  organization={ACM}
}
@misc{haines2009redis,
  title={{To Redis or Not To Redis? (Key-Value Stores Part 4)}},
  author={Haines, Kirk},
  month={September},
  year=2009,
  howpublished={\url{http://www.engineyard.com/blog/2009/key-value-stores-for-ruby-part-4-to-redis-or-not-to-redis/}}
}
@misc{github:www,
  author={{github}},
  howpublished={\url{http://www.github.com}}
}
@misc{sinatra:www,
  author={{sinatra}},
  howpublished={\url{http://www.sinatrarb.com/}}
}
@misc{gnu:www,
  title={{GNU}},
  howpublished={\url{http://www.gnu.org}},
  author={{Free Software Foundation}}
}
@misc{kernel:www,
  author={{Linux Kernel}},
  howpublished={\url{http://www.kernel.org}}
}
@misc{xorg:www,
  author={{X.org Foundation}},
  title={{X.org}},
  howpublished={\url{http://www.X.org}}
}
@misc{tcbench,
  author={Hirabayashi, Mikio},
  title={{Tokyo Cabinet benchmarked aiganst other DBs}},
  howpublished={\url{http://1978th.net/tokyocabinet/benchmark.pdf}}
}
@article{facebook:help,
  author={James Morgan},
  title={Twitter and Facebook users respond to Haiti crisis},
  howpublished={\url{http://news.bbc.co.uk/2/hi/americas/8460791.stm}},
  year=2010
  publisher={BBC News}
}
@article{facebook:organize,
  author={Esme Vos},
  title={Facebook users organize to push Sebastopol Wi-Fi network},
  howpublished={\url{http://www.muniwireless.com/2008/04/06/facebook-users-organize-sebastopol-wifi-pus}},
  year=2008,
  publisher={Muni Wireless}
}
@article{twitter:organize,
  author={Biz},
  title={Healing Haiti},
  howpublished={\url{http://blog.twitter.com/2010/01/healing-haiti.html}},
  year=2010,
  publisher={twitter}
}
