@book{1616,
 author = {Brodie, Leo B.},
 title = {Thinking FORTH:  a language and philosophy for solving problems},
 year = {1984},
 isbn = {0-13-917568-7},
 publisher = {Prentice-Hall, Inc.},
 address = {Upper Saddle River, NJ, USA},
 }

@book{1095598,
 author = {Brodie, Leo},
 title = {Starting Forth: An Introduction to the Forth Language and Operating System for Beginners and Professionals (Prentice-Hall Software Series)},
 year = {1987},
 isbn = {0138430799},
 publisher = {Prentice-Hall, Inc.},
 address = {Upper Saddle River, NJ, USA},
 }

@article{181999,
 author = {Baker, Henry G.},
 title = {Linear logic and permutation stacks---the Forth shall be first},
 journal = {SIGARCH Comput. Archit. News},
 volume = {22},
 number = {1},
 year = {1994},
 issn = {0163-5964},
 pages = {34--43},
 doi = {http://doi.acm.org/10.1145/181993.181999},
 publisher = {ACM},
 address = {New York, NY, USA},
 }



@MISC{chuckbio,
author = {Chuck Moore},
title = {Charles H Moore Bio},
NOTE = "\url{http://www.colorforth.com/bio.html}"
}

@article{155369,
 author = {Rather, Elizabeth D. and Colburn, Donald R. and Moore, Charles H.},
 title = {The evolution of Forth},
 journal = {SIGPLAN Not.},
 volume = {28},
 number = {3},
 year = {1993},
 issn = {0362-1340},
 pages = {177--199},
 doi = {http://doi.acm.org/10.1145/155360.155369},
 publisher = {ACM},
 address = {New York, NY, USA},
 }

@MISC{forthvalues,
author = {Ward Cunniungham et al},
title = {Forth Values},
NOTE = "\url{http://c2.com/cgi/wiki?ForthValues}"
}

@article{diggins-typing,
  title={{Typing Functional Stack-Based Languages}},
  author={Diggins, C.},
  journal={See http://www. catlanguage. com/paper. html},
  publisher={Citeseer}
}
